<record><leader>00000cas a22000007a 4500</leader><controlfield tag="001">30339802</controlfield><controlfield tag="008">940427d18881896azuwr ne      0   a0eng d</controlfield><datafield ind1=" " ind2=" " tag="010"><subfield code="a">sn 94051128 </subfield></datafield><datafield ind1=" " ind2=" " tag="040"><subfield code="a">CNK</subfield><subfield code="b">eng</subfield><subfield code="c">CNK</subfield><subfield code="d">ANN</subfield><subfield code="d">OCLCQ</subfield><subfield code="d">DLC</subfield><subfield code="d">OCLCQ</subfield><subfield code="d">OCLCF</subfield><subfield code="d">OCLCO</subfield></datafield><datafield ind1="1" ind2=" " tag="029"><subfield code="a">AU@</subfield><subfield code="b">000010972425</subfield></datafield><datafield ind1=" " ind2=" " tag="042"><subfield code="a">msc</subfield></datafield><datafield ind1=" " ind2=" " tag="043"><subfield code="a">n-us-az</subfield></datafield><datafield ind1="0" ind2="0" tag="245"><subfield code="a">Flagstaff democrat.</subfield></datafield><datafield ind1="1" ind2="3" tag="246"><subfield code="a">Weekly democrat</subfield></datafield><datafield ind1="1" ind2="3" tag="246"><subfield code="a">Democrat</subfield></datafield><datafield ind1=" " ind2=" " tag="260"><subfield code="a">Flagstaff, Coconino County, Ariz. :</subfield><subfield code="b">H.W. Roll,</subfield><subfield code="c">-1896.</subfield></datafield><datafield ind1=" " ind2=" " tag="300"><subfield code="a">v. :</subfield><subfield code="b">ill.</subfield></datafield><datafield ind1=" " ind2=" " tag="310"><subfield code="a">Weekly</subfield></datafield><datafield ind1="1" ind2=" " tag="362"><subfield code="a">Began in 1888.</subfield></datafield><datafield ind1="0" ind2=" " tag="362"><subfield code="a">-v. 9, no. 25 (Nov. 26, 1896).</subfield></datafield><datafield ind1=" " ind2=" " tag="580"><subfield code="a">Merged with: Coconino weekly sun, to form: Flagstaff sun-democrat.</subfield></datafield><datafield ind1=" " ind2=" " tag="588"><subfield code="a">Description based on: Vol. 7, no. 36 (Feb. 16, 1895).</subfield></datafield><datafield ind1=" " ind2="0" tag="651"><subfield code="a">Flagstaff (Ariz.)</subfield><subfield code="v">Newspapers.</subfield></datafield><datafield ind1=" " ind2="0" tag="651"><subfield code="a">Coconino County (Ariz.)</subfield><subfield code="v">Newspapers.</subfield></datafield><datafield ind1=" " ind2="7" tag="655"><subfield code="a">Newspapers.</subfield><subfield code="2">fast</subfield><subfield code="0">(OCoLC)fst01423814</subfield></datafield><datafield ind1=" " ind2="7" tag="651"><subfield code="a">Arizona</subfield><subfield code="z">Coconino County.</subfield><subfield code="2">fast</subfield><subfield code="0">(OCoLC)fst01217112</subfield></datafield><datafield ind1=" " ind2="7" tag="651"><subfield code="a">Arizona</subfield><subfield code="z">Flagstaff.</subfield><subfield code="2">fast</subfield><subfield code="0">(OCoLC)fst01205910</subfield></datafield><datafield ind1=" " ind2=" " tag="752"><subfield code="a">United States</subfield><subfield code="b">Arizona</subfield><subfield code="c">Coconino</subfield><subfield code="d">Flagstaff.</subfield></datafield><datafield ind1="0" ind2=" " tag="775"><subfield code="t">Arizona advance</subfield><subfield code="g">1895</subfield><subfield code="w">(DLC)sn 96060620</subfield></datafield><datafield ind1="0" ind2="0" tag="780"><subfield code="t">Flagstaff gem</subfield></datafield><datafield ind1="1" ind2="7" tag="785"><subfield code="t">Coconino weekly sun</subfield><subfield code="x">2158-2629</subfield><subfield code="w">(DLC)sn 87062054</subfield><subfield code="w">(OCoLC)15160657</subfield></datafield><datafield ind1="1" ind2="7" tag="785"><subfield code="t">Flagstaff sun-democrat</subfield><subfield code="x">2158-480X</subfield><subfield code="w">(DLC)sn 94050554</subfield><subfield code="w">(OCoLC)31681759</subfield></datafield></record>